<record><leader>00000cas a22000007a 4500</leader><controlfield tag="001">17655574</controlfield><controlfield tag="008">880321d18951901ohuwr ne      0    0eng d</controlfield><datafield ind1=" " ind2=" " tag="010"><subfield code="a">sn 88078283 </subfield></datafield><datafield ind1=" " ind2=" " tag="040"><subfield code="a">ONP</subfield><subfield code="b">eng</subfield><subfield code="c">ONP</subfield><subfield code="d">OCLCQ</subfield></datafield><datafield ind1=" " ind2=" " tag="042"><subfield code="a">msc</subfield></datafield><datafield ind1="0" ind2="4" tag="245"><subfield code="a">The Lisbon journal.</subfield></datafield><datafield ind1=" " ind2=" " tag="260"><subfield code="a">Lisbon, Ohio :</subfield><subfield code="b">D.H. Frew,</subfield><subfield code="c">-1901.</subfield></datafield><datafield ind1=" " ind2=" " tag="310"><subfield code="a">Weekly</subfield></datafield><datafield ind1="1" ind2=" " tag="362"><subfield code="a">Began in 1895?</subfield></datafield><datafield ind1="0" ind2=" " tag="362"><subfield code="a">-v. 35, no. 13 (July 1, 1901).</subfield></datafield><datafield ind1=" " ind2=" " tag="588"><subfield code="a">Description based on: Vol. 35, no. 11 (June 17, 1901).</subfield></datafield><datafield ind1=" " ind2=" " tag="752"><subfield code="a">United States</subfield><subfield code="b">Ohio</subfield><subfield code="c">Columbiana</subfield><subfield code="d">Lisbon.</subfield></datafield><datafield ind1="0" ind2="0" tag="780"><subfield code="t">New Lisbon journal</subfield><subfield code="w">(DLC)sn 83035486</subfield></datafield><datafield ind1="0" ind2="7" tag="785"><subfield code="t">Buckeye State (Lisbon, Ohio : 1852)</subfield><subfield code="w">(DLC)sn 83035493</subfield></datafield><datafield ind1="0" ind2="7" tag="785"><subfield code="t">Buckeye State and Lisbon journal</subfield><subfield code="w">(DLC)sn 83035494</subfield></datafield></record>